<?xml version="1.0" encoding="UTF-8"?><collection xmlns="http://www.loc.gov/MARC21/slim"><record><leader>00386nam--2200133-i-4500</leader><controlfield tag="001">000009964</controlfield><controlfield tag="002">20161230</controlfield><controlfield tag="005">20161230201028</controlfield><controlfield tag="008">060222s1000------------r-----000-0-eng-d</controlfield><datafield ind1=" " ind2=" " tag="100"><subfield code="a">Cannon, Lynn Elliot</subfield></datafield><datafield ind1=" " ind2=" " tag="245"><subfield code="a">A cellular computer to implement the kalman fi lter algorithm. thesis</subfield></datafield><datafield ind1=" " ind2=" " tag="260"><subfield code="a">Ann Arbor, Michigan, University Microfilms, 1969</subfield></datafield><datafield ind1=" " ind2=" " tag="490"><subfield code="a">Xi + 217 P</subfield></datafield><datafield ind1=" " ind2=" " tag="852"><subfield code="a">681.31</subfield></datafield></record></collection>